% Encoding: UTF-8
@article{hastie2015matrix,
  title={Matrix completion and low-rank SVD via fast alternating least squares},
  author={Hastie, Trevor and Mazumder, Rahul and Lee, Jason D and Zadeh, Reza},
  journal={The Journal of Machine Learning Research},
  volume={16},
  number={1},
  pages={3367--3402},
  year={2015},
  publisher={JMLR. org}
}@article{mazumder2010spectral,
  title={Spectral regularization algorithms for learning large incomplete matrices},
  author={Mazumder, Rahul and Hastie, Trevor and Tibshirani, Robert},
  journal={The Journal of Machine Learning Research},
  volume={11},
  pages={2287--2322},
  year={2010},
  publisher={JMLR. org}
}@article{panagoda2021convergence,
  title={Convergence Analysis of the Rank-Restricted Soft SVD Algorithm},
  author={Panagoda, Mahendra and Berry, Tyrus and Antil, Harbir},
  journal={arXiv preprint arXiv:2104.01473},
  year={2021}
}@inproceedings{srebro2004maximum,
  title={Maximum-Margin Matrix Factorization.},
  author={Srebro, Nathan and Rennie, Jason DM and Jaakkola, Tommi S},
  booktitle={NIPS},
  volume={17},
  pages={1329--1336},
  year={2004},
  organization={Citeseer}
}
@Comment{jabref-meta: databaseType:bibtex;}
